<?xml version="1.0" encoding="UTF-8"?><collection><record><leader>02840ntm a2200349 a 4500</leader><controlfield tag="001">005231758</controlfield><controlfield tag="003">MiAaHDL</controlfield><controlfield tag="005">20190719000000.0</controlfield><controlfield tag="006">m        d        </controlfield><controlfield tag="007">cr bn ---auaua</controlfield><controlfield tag="008">060609s1670    |||           000 0 per  </controlfield><datafield tag="035" ind1=" " ind2=" "><subfield code="a">(MiU)005231758</subfield></datafield><datafield tag="035" ind1=" " ind2=" "><subfield code="a">sdr-miu005231758</subfield></datafield><datafield tag="035" ind1=" " ind2=" "><subfield code="a">(OCoLC)81282226</subfield></datafield><datafield tag="035" ind1=" " ind2=" "><subfield code="a">(RLIN)MIUG06-B2515</subfield></datafield><datafield tag="040" ind1=" " ind2=" "><subfield code="a">miU</subfield><subfield code="c">miU</subfield></datafield><datafield tag="100" ind1="1" ind2=" "><subfield code="6">880-01</subfield><subfield code="a">Kāshifī, Ḥusayn Vāʻiẓ,</subfield><subfield code="d">ca. 1504 or 5.</subfield></datafield><datafield tag="240" ind1="1" ind2="0"><subfield code="6">880-02</subfield><subfield code="a">Kalīlah wa Dimnah</subfield></datafield><datafield tag="245" ind1="1" ind2="0"><subfield code="6">880-03</subfield><subfield code="a">Anvār-i Suhaylī.</subfield></datafield><datafield tag="260" ind1=" " ind2=" "><subfield code="c">[1670]</subfield></datafield><datafield tag="300" ind1=" " ind2=" "><subfield code="a">1</subfield><subfield code="f">v. ([510]p. ) ;</subfield><subfield code="c">29.5cm.</subfield></datafield><datafield tag="500" ind1=" " ind2=" "><subfield code="a">Text is written in nastaʻlīq shekasteh script in black ink with some red. The initial page, which seems to have been added later when the codex was rebound, contains the title of the work and a brief sketch of the author's life and works in Persian, written in blue ink in nastaʻlīq script. These notes also present the same information about the time and place of production of this codex as is presented on the last page of the manuscript(noted above). In addition, written in English cursive in pencil, this page contains a note which states, erroneously, that this codex is the Masnavi of Jalal al-Din Rumi.</subfield></datafield><datafield tag="500" ind1=" " ind2=" "><subfield code="a">Last page of the manuscript states that this copy was made in the 12th year of the reign of Khān Muhammad Awrangābādī, more commonly known as Awrangzeyb, the Mughal Emperor. Awrangzeyb reigned from 1658-1707; thus this manuscript must have been completed in 1080/1670 in India. The codex does not have original binding; it has clearly been rebound, probably in the 19th century with a plain binding; many of the pages have been remounted on a different kind of paper. There is no title page on the original paper.</subfield></datafield><datafield tag="510" ind1="4" ind2=" "><subfield code="a">Browne,</subfield><subfield code="c">v. ii, p. 349-353; v. iii, p. 503-4.</subfield></datafield><datafield tag="520" ind1=" " ind2=" "><subfield code="a">Vāʻiẓ Kāshifī's florid Persian version of the 8th century Arabic book of fables, Kalīlah wa Dimnah, by Ibn al-Muqaffaʻ, which is itself a translation of the Pahlavī version of the original Sanskrit work by Bidpai. Kāshifī's Anvār-i Suhaylī has been published many times, sometimes under the Arabic title, Kalīlah wa Dimnah.</subfield></datafield><datafield tag="538" ind1=" " ind2=" "><subfield code="a">Mode of access: Internet.</subfield></datafield><datafield tag="545" ind1="0" ind2=" "><subfield code="a">Died 910/1505. Influential preacher and prolific prose writer of 15th century Herat, mentioned in Khwāndamīr's Habīb al-Siyar. He was an associate of the famous Sufī poet, Jāmī, and was patronized by the powerful minister, Mīr ʻAlī Shīr Navā'ī. Some of his works were dedicated to the last Timurid Sultan, Husayn Bayqara.</subfield></datafield><datafield tag="650" ind1=" " ind2="0"><subfield code="a">Persian literature</subfield><subfield code="v">Early works to 1800.</subfield></datafield><datafield tag="650" ind1=" " ind2="0"><subfield code="a">Manuscripts, Persian</subfield><subfield code="z">Michigan</subfield><subfield code="z">Ann Arbor.</subfield></datafield><datafield tag="880" ind1="1" ind2="0"><subfield code="6">245-03/</subfield><subfield code="a">انوار سهيلي.</subfield></datafield><datafield tag="880" ind1="1" ind2="0"><subfield code="6">240-02/</subfield><subfield code="a">كليلة و دمنة.</subfield></datafield><datafield tag="880" ind1="1" ind2=" "><subfield code="6">100-01/</subfield><subfield code="a">كاشفي، حسين واعظ</subfield></datafield><datafield tag="CID" ind1=" " ind2=" "><subfield code="a">005231758</subfield></datafield><datafield tag="DAT" ind1="0" ind2=" "><subfield code="a">20190719102633.0</subfield><subfield code="b">20190719000000.0</subfield></datafield><datafield tag="DAT" ind1="1" ind2=" "><subfield code="a">20190719090653.0</subfield><subfield code="b">2019-07-19T16:11:05Z</subfield></datafield><datafield tag="DAT" ind1="2" ind2=" "><subfield code="a">2015-10-10T18:00:06Z</subfield></datafield><datafield tag="CAT" ind1=" " ind2=" "><subfield code="a">SDR-MIU</subfield><subfield code="d">EX LIBRIS - ALEPH</subfield><subfield code="l">prepare.pl-004-008</subfield></datafield><datafield tag="FMT" ind1=" " ind2=" "><subfield code="a">BK</subfield></datafield><datafield tag="HOL" ind1=" " ind2=" "><subfield code="0">sdr-miu005231758</subfield><subfield code="a">MiU</subfield><subfield code="b">SDR</subfield><subfield code="c">MIU</subfield><subfield code="p">mdp.39015081447651</subfield><subfield code="s">MIU</subfield><subfield code="1">005231758</subfield></datafield><datafield tag="974" ind1=" " ind2=" "><subfield code="b">MIU</subfield><subfield code="c">MIU</subfield><subfield code="d">20190719</subfield><subfield code="s">lit-dlps-dc</subfield><subfield code="u">mdp.39015081447651</subfield><subfield code="y">1670</subfield><subfield code="r">pd</subfield><subfield code="q">bib</subfield><subfield code="t">non-US bib date1 &lt; 1896</subfield></datafield></record></collection>